<record><leader>00000cas a22000001a 4500</leader><controlfield tag="001">20079686</controlfield><controlfield tag="007">hd afu---bucu</controlfield><controlfield tag="008">890727d17741778ctuwr nea     0   a0eng c</controlfield><datafield ind1=" " ind2=" " tag="010"><subfield code="a">  2004252450</subfield></datafield><datafield ind1=" " ind2=" " tag="040"><subfield code="a">VA@</subfield><subfield code="b">eng</subfield><subfield code="c">VA@</subfield><subfield code="d">IAL</subfield><subfield code="d">OCL</subfield><subfield code="d">WAU</subfield><subfield code="d">OCLCQ</subfield><subfield code="d">OCLCG</subfield><subfield code="d">BOS</subfield><subfield code="d">OCLCQ</subfield><subfield code="d">OCLCF</subfield><subfield code="d">OCLCO</subfield><subfield code="d">OCLCQ</subfield></datafield><datafield ind1=" " ind2=" " tag="042"><subfield code="a">pcc</subfield></datafield><datafield ind1=" " ind2=" " tag="043"><subfield code="a">n-us-ct</subfield></datafield><datafield ind1="1" ind2="4" tag="050"><subfield code="a">AN20.C6</subfield><subfield code="b">C63</subfield></datafield><datafield ind1="0" ind2="4" tag="245"><subfield code="a">The Connecticut courant and Hartford weekly intelligencer.</subfield></datafield><datafield ind1=" " ind2=" " tag="260"><subfield code="a">Hartford, Conn. :</subfield><subfield code="b">Ebenezer Watson,</subfield><subfield code="c">1774-1778.</subfield></datafield><datafield ind1=" " ind2=" " tag="300"><subfield code="a">volumes</subfield></datafield><datafield ind1=" " ind2=" " tag="310"><subfield code="a">Weekly</subfield></datafield><datafield ind1=" " ind2=" " tag="336"><subfield code="a">text</subfield><subfield code="b">txt</subfield><subfield code="2">rdacontent</subfield></datafield><datafield ind1=" " ind2=" " tag="337"><subfield code="a">microform</subfield><subfield code="b">h</subfield><subfield code="2">rdamedia</subfield></datafield><datafield ind1=" " ind2=" " tag="338"><subfield code="a">microfilm reel</subfield><subfield code="b">hd</subfield><subfield code="2">rdacarrier</subfield></datafield><datafield ind1="0" ind2=" " tag="362"><subfield code="a">No. 493 (June 7, 1774)-no. 681 (Feb. 10, 1778).</subfield></datafield><datafield ind1=" " ind2=" " tag="500"><subfield code="a">Published 1776-1777 by Ebenezer Watson; 1778 by Watson &amp; Goodwin.</subfield></datafield><datafield ind1=" " ind2=" " tag="525"><subfield code="a">Supplements accompany some issues.</subfield></datafield><datafield ind1=" " ind2=" " tag="533"><subfield code="a">Microfilm.</subfield><subfield code="b">New Canaan, Ct. :</subfield><subfield code="c">Readex Microprint Corp.</subfield><subfield code="e">microfilm reels ; 35 mm.</subfield><subfield code="f">(Early American newspapers).</subfield><subfield code="n">Filmed with other titles.</subfield><subfield code="n">Imprint varies: Naples, FL : NewsBank/Readex.</subfield></datafield><datafield ind1=" " ind2="0" tag="651"><subfield code="a">Hartford (Conn.)</subfield><subfield code="v">Newspapers.</subfield></datafield><datafield ind1=" " ind2="0" tag="651"><subfield code="a">Hartford County (Conn.)</subfield><subfield code="v">Newspapers.</subfield></datafield><datafield ind1=" " ind2="7" tag="651"><subfield code="a">Connecticut</subfield><subfield code="z">Hartford.</subfield><subfield code="2">fast</subfield><subfield code="0">(OCoLC)fst01207441</subfield></datafield><datafield ind1=" " ind2="7" tag="651"><subfield code="a">Connecticut</subfield><subfield code="z">Hartford County.</subfield><subfield code="2">fast</subfield><subfield code="0">(OCoLC)fst01211874</subfield></datafield><datafield ind1=" " ind2="7" tag="655"><subfield code="a">Newspapers.</subfield><subfield code="2">fast</subfield><subfield code="0">(OCoLC)fst01423814</subfield></datafield><datafield ind1="1" ind2=" " tag="700"><subfield code="a">Watson, Ebenezer,</subfield><subfield code="d">1744-1777.</subfield></datafield><datafield ind1="1" ind2=" " tag="700"><subfield code="a">Watson, Hannah,</subfield><subfield code="d">1749-1807.</subfield></datafield><datafield ind1="1" ind2=" " tag="700"><subfield code="a">Goodwin, George,</subfield><subfield code="d">1757-1844.</subfield></datafield><datafield ind1=" " ind2=" " tag="752"><subfield code="a">United States</subfield><subfield code="b">Connecticut</subfield><subfield code="c">Hartford</subfield><subfield code="d">Hartford.</subfield></datafield><datafield ind1="1" ind2=" " tag="776"><subfield code="c">Original</subfield><subfield code="w">(DLC)sn 82016139</subfield><subfield code="w">(OCoLC)9168354</subfield></datafield><datafield ind1="0" ind2="0" tag="780"><subfield code="t">Connecticut courant (Hartford, Conn. : 1764)</subfield><subfield code="w">(DLC)  2004252399</subfield><subfield code="w">(OCoLC)20079543</subfield></datafield><datafield ind1="0" ind2="0" tag="785"><subfield code="t">Connecticut courant (Hartford, Conn. : 1778)</subfield><subfield code="w">(DLC)  2004252451</subfield><subfield code="w">(OCoLC)20079718</subfield></datafield></record>